@book{mooculus:textbook,
	Author = {Jim Fowler, Bart Snapp},
	Date-Added = {2014-12-20 06:17:10 +0000},
	Date-Modified = {2014-12-20 06:20:46 +0000},
	Edition = {April 10th, 2014},
	Keywords = {OnlineTextbook},
	Publisher = {Creative Commons Attribution-NonCommercial-ShareAlike License},
	Title = {Mooculus massive open online calculus},
	Note = {\url{https://github.com/ASCTech/mooculus}},
	Year = {2014}}

@misc{mathworld:algebraicexpression,
	Author = {Weisstein, Eric W.},
	Date-Added = {2014-11-13 11:39 +0000},
	Date-Modified = {2014-11-13 11:39 +0000},
	Keywords = {WolframMathworld},
	Lastchecked = {November 13, 2014 11:39},
	Note = {\url{http://mathworld.wolfram.com/AlgebraicExpression.html}},
	Title = {"Algebraic Expression." From MathWorld--A Wolfram Web Resource, created by Eric W. Weisstein.}}

@misc{mathworld:completethesquare,
	Author = {Weisstein, Eric W.},
	Date-Added = {2014-12-06 08:48:59 CET},
	Date-Modified = {2014-12-06 08:48:59 CET},
	Keywords = {wolframmathworld},
	Lastchecked = {December 06, 2014 08:48},
	Note = {\url{http://mathworld.wolfram.com/CompletingtheSquare.html}},
	Title = {"Completing the Square." From MathWorld--A Wolfram Web Resource, created by Eric W. Weisstein.}}
	
@misc{wikipedia:indeterminate,
	Date-Added = {2014-11-20 16:58:23 +0000},
	Date-Modified = {2014-06-01 June 2014 15:24:00 +0000},
	Keywords = {Wikipedia},
	Lastchecked = {November 20, 2014 17:00},
	Note = {\url{http://en.wikipedia.org/wiki/Indeterminate_(variable)}},
	Title = {Indeterminate (variable)}}

@video{mathbff,
	Author = {mathbff},
	Date-Added = {2015-10-27 07:25:32 +0100},
	Date-Modified = {2015-10-27 07:25:32 +0100},
	Keywords = {YouTubeChannel},
	Publisher = {Creative Commons Attribution-NonCommercial-ShareAlike License},
	Title = {mathbff YouTube Channel},
	Note = {\url{https://www.youtube.com/channel/UCy5ev9EE-u5Iwbt2NHrcayw}},
	Year = {2014}}
