%% This BibTeX bibliography file was created using BibDesk.
%% https://bibdesk.sourceforge.io/

%% Created for Mark Olson at 2021-07-07 07:50:54 +0200 


%% Saved with string encoding Unicode (UTF-8) 



@online{CTANamsmath,
	date-modified = {2020-02-18},
	organization = {American Mathematical Society, LATEX Project, \LaTeX ~project},
	title = {CTAN: User's Guide for the amsmath Package (Version 2.1)},
	url = {https://ftpmirror1.infania.net/mirror/CTAN/macros/latex/contrib/mathtools/mathtools.pdf},
	urldate = {2021-07-02},
	year = {2020},
	Bdsk-Url-1 = {https://ftpmirror1.infania.net/mirror/CTAN/macros/latex/contrib/mathtools/mathtools.pdf}}

@online{CTANmathtools,
	author = {Morten Hogholm, Lars Madsen},
	date-modified = {2021-04-12},
	organization = {\LaTeX3 ~project},
	title = {CTAN: The mathtools package},
	url = {https://ftpmirror1.infania.net/mirror/CTAN/macros/latex/contrib/mathtools/mathtools.pdf},
	urldate = {2021-07-02},
	year = {2021},
	Bdsk-Url-1 = {https://ftpmirror1.infania.net/mirror/CTAN/macros/latex/contrib/mathtools/mathtools.pdf}}

@online{CTANPackageKomascript,
	title = {{CTAN}: Package koma-script},
	url = {https://www.ctan.org/pkg/koma-script},
	urldate = {2021-07-05},
	Bdsk-Url-1 = {https://www.ctan.org/pkg/koma-script}}

@online{CTANPackageLshort,
	title = {{CTAN}: Package lshort},
	url = {https://www.ctan.org/pkg/lshort},
	urldate = {2021-07-05},
	Bdsk-Url-1 = {https://www.ctan.org/pkg/lshort}}

@online{CTANtcolorbox,
	author = {Thomas F. Sturm},
	date-modified = {2021-06-14},
	title = {CTAN: tcolorbox Manual for version 4.51},
	url = {https://ftp.acc.umu.se/mirror/CTAN/macros/latex/contrib/tcolorbox/tcolorbox.pdf},
	urldate = {2021-07-02},
	year = {2021},
	Bdsk-Url-1 = {https://ftp.acc.umu.se/mirror/CTAN/macros/latex/contrib/tcolorbox/tcolorbox.pdf}}

@online{GuideManyFlavours,
	abstract = {An online {LaTeX} editor that's easy to use. No installation, real-time collaboration, version control, hundreds of {LaTeX} templates, and more.},
	title = {A Guide to the Many Flavours of {TeX}},
	url = {https://www.overleaf.com/learn/latex/Articles/What%27s_in_a_Name%3A_A_Guide_to_the_Many_Flavours_of_TeX},
	urldate = {2021-07-07},
	Bdsk-Url-1 = {https://www.overleaf.com/learn/latex/Articles/What%27s_in_a_Name%3A_A_Guide_to_the_Many_Flavours_of_TeX}}

@online{HistoryTeXTeX,
	title = {History of {TeX} - {TeX} Users Group},
	url = {http://www.tug.org/whatis.html},
	urldate = {2021-07-07},
	Bdsk-Url-1 = {http://www.tug.org/whatis.html}}

@online{Olson2021,
	author = {Mark Olson},
	date-modified = {2021-07-01 17:32:02 +0100},
	title = {02AQ - How to Factor a Quadratic Expression},
	url = {https://youtu.be/3ftBMUrSJtg},
	urldate = {2021-06-08},
	year = {2021},
	Bdsk-Url-1 = {https://youtu.be/3ftBMUrSJtg}}

@online{FoRKArchiveBrief,
	title = {{FoRK} Archive: A Brief History of {LaTeX}.},
	url = {http://www.xent.com/FoRK-archive/feb98/0307.html},
	urldate = {2021-07-08},
	keywords = {{TeX}},
}
